@article{phoabe,
	author = "Sana Belguith and Nesrine Kaaniche and Maryline Laurent and Abderrazak Jemai and Rabah Attia",
	title = "{PHOABE: Securely outsourcing multi-authority attribute based encryption with policy hidden for cloud assisted IoT}",
	journal = "Computer Networks",
	number = "133",
	pages = "141--156",
	year = "2018",
	DOI = "https://doi.org/10.1016/j.comnet.2018.01.036"
}

@article{green,
	author = "Matthew Green and Susan Hohenberger and Brent Waters",
	title = "{Outsourcing the Decryption of ABE Ciphertexts}",
	journal = "USENIX Security Symposium",
	year = "2011"
}

@misc{abe,
    author = {Rafail Ostrovsky and Amit Sahai and Brent Waters},
    title = {Attribute-Based Encryption with Non-Monotonic Access Structures},
    howpublished = {Cryptology ePrint Archive, Report 2007/323},
    year = {2007},
    note = {https://eprint.iacr.org/2007/323},
}
